<record><leader>00000cas a22000007a 4500</leader><controlfield tag="001">11171419</controlfield><controlfield tag="008">840919d187u18uuinuwr ne      0    0eng d</controlfield><datafield ind1=" " ind2=" " tag="010"><subfield code="a">sn 84037992 </subfield></datafield><datafield ind1=" " ind2=" " tag="040"><subfield code="a">NPX</subfield><subfield code="b">eng</subfield><subfield code="c">NPX</subfield><subfield code="d">NPI</subfield><subfield code="d">OCLCQ</subfield></datafield><datafield ind1=" " ind2=" " tag="042"><subfield code="a">msc</subfield></datafield><datafield ind1="0" ind2="0" tag="245"><subfield code="a">Oxford weekly tribune.</subfield></datafield><datafield ind1=" " ind2=" " tag="260"><subfield code="a">Oxford, Ind. :</subfield><subfield code="b">A. Cowgill</subfield></datafield><datafield ind1=" " ind2=" " tag="310"><subfield code="a">Weekly</subfield></datafield><datafield ind1=" " ind2=" " tag="588"><subfield code="a">Description based on: Vol. 11, no. 32 (May 18, 1876).</subfield></datafield><datafield ind1=" " ind2=" " tag="752"><subfield code="a">United States</subfield><subfield code="b">Indiana</subfield><subfield code="c">Benton</subfield><subfield code="d">Oxford.</subfield></datafield><datafield ind1="0" ind2="0" tag="780"><subfield code="t">Oxford tribune (Oxford, Ind. : 1870)</subfield><subfield code="w">(DLC)sn 84027591</subfield><subfield code="w">(OCoLC)11304920</subfield></datafield><datafield ind1="0" ind2="0" tag="785"><subfield code="t">Oxford tribune (Oxford, Ind. : 1886)</subfield><subfield code="w">(DLC)sn 87055514</subfield></datafield></record>